
@Unpublished{higgschallenge14,
  author = 		 {Claire Adam-Bourdarios and Glen Cowan and Cécile Germain and Isabelle Guyon and Balázs Kégl and David Rousseau},
  title = 		 {Learning to discover: the Higgs boson machine learning challenge},
  year = 	 2014,
}

@Unpublished{MLcourse18,
  author = 		 {Jaggi Martin and Urbanke Rüdiger},
  title = 		 {Machine Learning Course},
  year = 	 2018,
  organization = {EPFL},
  note = {https://edu.epfl.ch/coursebook/en/machine-learning-CS-433}
}

@Unpublished{brown14,
  author = 		 {Jason Brownlee},
  title = 		 {Discover Feature Engineering, How to Engineer Features and How to Get Good at It},
  note = 		 {https://machinelearningmastery.com/discover-feature-engineering-how-to-engineer-features-and-how-to-get-good-at-it/},
  year = 	 2014
}

